@book{lea99,
    author    = "Doug Lea",
    title     = "Concurrent Programming In Java: Design Principles And Patterns",
    year      = "1999",
    publisher = "Addison-Wesley",
    address   = "Reading, Massachusetts",
}
@book{zukowski03,
    author    = "John Zukowski",
    title     = "Java 2 J2SE 1.4",
    year      = "2003",
    publisher = "Anaya Multimedia - Anaya Interactiva",
    address   = "Madrid, España",
}
@book{figueiras01,
    author    = "Aníbal Figueiras",
    title     = "Una panorámica de las telecomunicaciones",
    year      = "2001",
    publisher = "Prentice Hill",
    address   = "New York, New York",
}
@book{moreno02,
    author    = "Juan Luis Gorricho Moreno",
    title     = "Comunicaciones Móviles",
    year      = "2002",
    publisher = "Ediciones UPC",
    address   = "Barcelona, España",
}
@book{moya02,
    author    = "Jose Manuel Huidobro Moya",
    title     = "Comunicaciones Móviles",
    year      = "2002",
    publisher = "Paraninfo",
    address   = "Madrid, España",
}
@book{kofler05,
    author    = "Michael Kofler",
    title     = "The Definitive Guide to MySQL 5",
    year      = "2005",
    publisher = "Apress",
    address   = "New York, New York",
}
@book{gunnar99,
    author    = "Gunnar Heine",
    title     = "GSM Networks: Protocols, Terminology, and Implementation",
    year      = "1999",
    publisher = "Artech House",
    address   = "Norwood, Massachusetts",
}
@book{tisal03,
    author    = "Joachim Tisal",
    title     = "La Red GSM",
    year      = "2003",
    publisher = "Paraninfo",
    address   = "Madrid, España",
}
@book{Redi95,
    author    = "Siegmund M. Redl, Matthias K. Weber, Malcolm W. Oliphant",
    title     = "An Introduction To GSM",
    year      = "1995",
    publisher = "Artech House",
    address   = "Norwood, Massachusetts",
}
@book{mouli96,
    author    = "Michel Mouly, Marie-Bernardette Paulet",
    title     = "The GSM System for Mobile Communications",
    year      = "1996",
    publisher = "-",
    address   = "-",
}
@PhdThesis{serviciosms,
    author    = "Juan González Gómez",
    title     = "El servicio \acs{SMS}: Un enfoque práctico",
    school    = "Escuela Técnica Superior De Ingeniería Informática UAM",
    year      = "2002",
}
@misc{Wiki.API,
  author			=	{Wikipedia},
  title				=	{APIs En Java},
  howpublished=	{Web},
  year				= {2008},
  url					=	{\\<http://es.wikipedia.org/wiki/API\_Java>},
  note				= {[Consulta: 7 de Marzo de 2008]},
}
@misc{sms.pdu,
  author			=	{Lars Pettersson},
  title				=	{SMS and the PDU format},
  howpublished=	{Web},
  year				= {2008},
  url					=	{\\<http://www.dreamfabric.com/sms>},
  note				= {[Consulta: 15 de Marzo de 2008]},
}
@misc{sms.ppt,
  author			=	{José Crispín Díaz Urrego},
  title				=	{SMS. Su estructura y otras perspectivas de aplicaciones},
  howpublished=	{Web},
  year				= {2008},
  url					=	{\\<\footnotesize http://guacherna.uac.edu.co/congreso\_sistemas\_2005/sitio/content/memorias/sms.pdf \normalsize>},
  note				= {[Consulta: 18 de Marzo de 2008]},
}
@misc{wiki.android,
  author      = {Wikipedia},
  title       = {Android History},
  howpublished= {Web},
  year        = {2012},
  URL         = {\\<http://es.wikipedia.org/wiki/Android\#cite\_note-9>},
  note        = {[Consulta: 25 de Noviembre de 2012]},
}
@misc{and.dev.versions,
  author      = {Google},
  title       = {Android Developers},
  howpublished= {Web},
  year        = {2012},
  URL         = {\\<http://developer.android.com/about/dashboards/index.html>},
  note        = {[Consulta: 25 de Noviembre de 2012]},
}
@misc{and.dev.adt,
  author      = {Google},
  title       = {Android Developers},
  howpublished= {Web},
  year        = {2012},
  URL         = {\\<http://developer.android.com/tools/sdk/eclipse-adt.html>},
  note        = {[Consulta: 25 de Noviembre de 2012]},
}
@misc{and.dev.emulator,
  author      = {Google},
  title       = {Android Developers},
  howpublished= {Web},
  year        = {2012},
  URL         = {\\<http://developer.android.com/tools/help/emulator.html>},
  note        = {[Consulta: 25 de Noviembre de 2012]},
}
@misc{and.dev.avd,
  author      = {Google},
  title       = {Android Developers},
  howpublished= {Web},
  year        = {2012},
  URL         = {\\<http://developer.android.com/tools/devices/index.html>},
  note        = {[Consulta: 25 de Noviembre de 2012]},
}
@misc{and.dev.sdk,
  author      = {Google},
  title       = {Android SDK},
  howpublished= {Web},
  year        = {2012},
  URL         = {\\<http://developer.android.com/about/start.html>},
  note        = {[Consulta: 25 de Noviembre de 2012]},
}
@misc{wiki.sdk,
  author      = {Wikipedia},
  title       = {Android SDK},
  howpublished= {Web},
  year        = {2012},
  URL         = {\\<http://es.wikipedia.org/wiki/Desarrollo\_de\_Programas\_para\_Android>},
  note        = {[Consulta: 25 de Noviembre de 2012]},
}
@misc{wiki.dvm,
  author      = {Wikipedia},
  title       = {Dalvik Virtual Machine},
  howpublished= {Web},
  year        = {2012},
  URL         = {\\<http://es.wikipedia.org/wiki/Dalvik>},
  note        = {[Consulta: 25 de Noviembre de 2012]},
}

%Hasta acá mis libros

@book{goossens93,
    author    = "Michel Goossens and Frank Mittlebach and Alexander Samarin",
    title     = "The Latex Companion",
    year      = "1993",
    publisher = "Addison-Wesley",
    address   = "Reading, Massachusetts",
}
@book{stevens.unp.ipc,
    author    = "W. Richard Stevens",
    title     = "UNIX Network Programming - Interprocess Communications",
    volume		= "2",
    year      = "1999",
    edition 	=	"2da",
    publisher = "Prentice Hall",
    address   = "New Jersey",
}
@book{stevens.unp.snapi,
    author    = "W. Richard Stevens and Bill Fenner and Andrew M. Rudoff",
    title     = "UNIX Network Programming - The Sockets Networking API",
    volume		= "1",
    year      = "2004",
    edition 	=	"3ra",	 
    publisher = "Addison-Wesley",
    address   = "Boston",
}
@misc{astleiner.pcd8544,
  author			=	{Wolfgang Astleitner},
  title				=	{PCD8544 based displays},
  howpublished=	{Web},
  year				= {2003},
  url					=	{\\<http://serdisplib.sourceforge.net/ser/pcd8544.html>},
  note				= {[Consulta: 28 de Julio de 2004]},
}
@misc{altair.poe,
  author			=	{Altair},
  title				=	{POE - Power Over Ethernet},
  howpublished=	{Web},
  year				= {2003},
  url					=	{\\<http://www.altair.org/labnotes\_POE.html>},
  note				= {[Consulta: 10 de Abril de 2007]},
}
@misc{wikipedia.wrt54g,
  author			=	{Wikipedia},
  title				=	{Linksys WRT54G series},
  howpublished=	{Web},
  year				= {2007},
  URL					=	{\\<http://en.wikipedia.org/wiki/WRT54G>},
  note				= {[Consulta: 11 de Abril de 2007]},
}
@misc{wikipedia.intelhex,
  author			=	{Wikipedia},
  title				=	{Intel HEX},
  howpublished=	{Web},
  year				= {2007},
  URL					=	{\\<http://en.wikipedia.org/wiki/Intel\_HEX>},
  note				= {[Consulta: 14 de Abril de 2007]},
}
@misc{openwrt.wrt54g,
  author			=	{OpenWRT},
  title				=	{OpenWrtDocs/Hardware/Linksys/WRT54G},
  howpublished=	{Web},
  year				= {2007},
  URL					=	{\\<http://wiki.openwrt.org/OpenWrtDocs/Hardware/Linksys/WRT54G>},
  note				= {[Consulta: 11 de Abril de 2007]},
}
@misc{bergthaller.pcd8544,
  author			=	{Iulian Bergthaller},
  title				=	{PIC16F84A to LPH7366 LCD interfaces},
  howpublished=	{Web},
  year				= {2003},
  URL					=	{\\<http://sandiding.tripod.com/lcd.html>},
  note				= {[Consulta: 28 de Julio de 2004]},
}

@book{soliman.senales.sistemas,
    author    = "Samir S. Soliman and Mandyam D. Srinatb",
    title     = "Señales y Sistemas - continuos y discretos",
    year      = "1999",
    edition 	=	"2da",	 
    publisher = "Prentice Hall Iberia",
    address 	= "Madrid",
}
@book{pic16f87x,
    author    = "Microchip",
    title     = "PIC16F87X Data Sheet - 28/40-Pin 8-Bit CMOS FLASH Microcontrollers (DS30292C)",
    year      = "2001",
    publisher = "Microchip Technology Incorporated",
    address 	= "U.S.A."
}
@inbook{pic16f87x.timer2,
    author    = "Microchip",
    title     = "PIC16F87X Data Sheet - 28/40-Pin 8-Bit CMOS FLASH Microcontrollers (DS30292C)",
    year      = "2001",
    publisher = "Microchip Technology Incorporated",
    address 	= "U.S.A.",
    chapter 	= {7 (Timer2 Module)},
    pages 		= {55--56},
}
@inbook{pic16f87x.ccp,
    author    = "Microchip",
    title     = "PIC16F87X Data Sheet - 28/40-Pin 8-Bit CMOS FLASH Microcontrollers (DS30292C)",
    year      = "2001",
    publisher = "Microchip Technology Incorporated",
    address 	= "U.S.A.",
    chapter 	= {8 (Capture/Compare/PWM Modules)},
    pages 		= {57--64},
}

@inbook{pic16f87x.pmo,
    author    = "Microchip",
    title     = "PIC16F87X Data Sheet - 28/40-Pin 8-Bit CMOS FLASH Microcontrollers (DS30292C)",
    year      = "2001",
    publisher = "Microchip Technology Incorporated",
    address 	= "U.S.A.",
    chapter 	= {2 (Memory Organization)},
    pages 		= {11},
}

@inbook{pic16f87x.mssp,
    author    = "Microchip",
    title     = "PIC16F87X Data Sheet - 28/40-Pin 8-Bit CMOS FLASH Microcontrollers (DS30292C)",
    year      = "2001",
    publisher = "Microchip Technology Incorporated",
    address 	= "U.S.A.",
    chapter 	= {9 (MSSP Module)},
    pages 		= {65--94},
}
@inbook{pic16f87x.timer1,
    author    = "Microchip",
    title     = "PIC16F87X Data Sheet - 28/40-Pin 8-Bit CMOS FLASH Microcontrollers (DS30292C)",
    year      = "2001",
    publisher = "Microchip Technology Incorporated",
    address 	= "U.S.A.",
    chapter 	= {6 (Timer1 Module)},
    pages 		= {51--54},
}
@book{pcd8544,
    author    = "Philips",
    title     = "PCD8544 - 48x84 pixels matrix LCD controller/driver",
    year      = "1999",
    publisher = "Philips Semiconductors",
    address 	= "5600 MD EINDHOVEN, The Netherlands",
    URL 			= "\\<http://www.semiconductors.philips.com>",
}
@inbook{pic16f87x.usart,
    author    = "Microchip",
    title     = "PIC16F87X Data Sheet - 28/40-Pin 8-Bit CMOS FLASH Microcontrollers (DS30292C)",
    year      = "2001",
    publisher = "Microchip Technology Incorporated",
    address 	= "U.S.A.",
    URL 			= "\\<http://www.microchip.com>",
    chapter 	= {10 (USART Module)},
    pages 		= {95--104},
}
@inbook{pic16f87x.icsp,
    author    = "Microchip",
    title     = "PIC16F87X Data Sheet - 28/40-Pin 8-Bit CMOS FLASH Microcontrollers (DS30292C)",
    year      = "2001",
    publisher = "Microchip Technology Incorporated",
    address 	= "U.S.A.",
    URL 			= "\\<http://www.microchip.com>",
    chapter 	= {12.17 (ICSP)},
    pages 		= {134--134},
}
@inbook{pic16f87x.confbits,
    author    = "Microchip",
    title     = "PIC16F87X Data Sheet - 28/40-Pin 8-Bit CMOS FLASH Microcontrollers (DS30292C)",
    year      = "2001",
    publisher = "Microchip Technology Incorporated",
    address 	= "U.S.A.",
    URL 			= "\\<http://www.microchip.com>",
    chapter 	= {12.1 (Configuration Bits)},
    pages 		= {119--120},
}
@book{pic16f87x.programming,
    author    = "Microchip",
    title     = "Memory Programming Specification for the PIC16F87X EEPROM (DS39025)",
    year      = "2001",
    publisher = "Microchip Technology Incorporated",
    address 	= "U.S.A.",
    URL 			= "\\<http://www.microchip.com>",
}
@book{LM317L,
    author    = "National",
    title     = "LM317L -- 3-Terminal Adjustable Regulator (DS009064)",
    year      = "2006",
    publisher = "National Semiconductor",
    address 	= "",
    URL 			= "\\<http://www.national.com>",
}
@book{L7800,
    author    = "ST",
    title     = "L7800 series -- Positive voltage regulators",
    year      = "2006",
    publisher = "SGS-Thomson Microelectronics",
    address 	= "",
    URL 			= "\\<http://www.st.com>",
}
@book{LM78LXX,
    author    = "National",
    title     = "LM78LXX series -- 3-Terminal Positive Regulators",
    year      = "2006",
    publisher = "National Semiconductor",
    address 	= "",
    URL 			= "\\<http://www.national.com>",
}
@book{TDA2003,
    author    = "ST",
    title     = "TDA2003 -- 10\un{W} Car radio audio amplifier",
    year      = "1995",
    publisher = "SGS-Thomson Microelectronics",
    address 	= "",
    URL 			= "\\<http://www.st.com>",
}
@book{A3141EU,
    author    = "Raymond Dewey",
    title     = "A3141EU -- Sensitive hall-effect switch for high-temperature operation (DS27621.6A)",
    year      = "2006",
    publisher = "Allegro MicroSystems, Inc.",
    address 	= "Worcester, Massachusetts, U.S.A.",
    URL 			= "",
}
@book{TL084,
    author    = "ST",
    title     = "TL084 -- General purpose quad J-FET operational amplifiers",
    year      = "1996",
    publisher = "SGS-Thomson Microelectronics",
    address 	= "",
    URL 			= "\\<http://www.st.com>",
}
@book{voip.cisco,
    author    = "Jonathan Davidson and James Peters",
    title     = "Fundamentos de Voz sobre IP",
    year      = "2001",
    publisher = "Pearson Educación S.A.",
    address   = "Madrid, España",
}
@book{filterlab2.userguide,
    author    = "Microchip",
    title     = "FilterLab\reg 2.0 - User's Guide (DS51419A)",
    year      = "2003",
    publisher = "Microchip Technology Incorporated",
    address 	= "U.S.A.",
    URL 			= "\\<http://www.microchip.com>",
}
@book{BS170,
    author    = "Fairchild",
    title     = "BS170/MMBF170 -- N-Channel Enhancement Mode Field Effect Transistor",
    year      = "1997",
    publisher = "Fairchild Semiconductors Corporation",
    address 	= "",
    URL 			= "",
}